<?xml version="1.0" encoding="UTF-8"?>
<collection xmlns:xsi="http://www.w3.org/2001/XMLSchema-instance" xsi:schemaLocation="http://www.loc.gov/MARC21/slim http://www.loc.gov/standards/marcxml/schema/MARC21slim.xsd" xmlns="http://www.loc.gov/MARC21/slim">
<record>
  <leader>01092cam a2200289Ia 4500</leader>
  <controlfield tag="001">2678090</controlfield>
  <controlfield tag="003">NNC</controlfield>
  <controlfield tag="005">20141215141022.0</controlfield>
  <controlfield tag="008">920109s1936    sy c          010 0 ara d</controlfield>
  <datafield tag="035" ind1=" " ind2=" ">
    <subfield code="a">(OCoLC)ocm25069726</subfield>
  </datafield>
  <datafield tag="040" ind1=" " ind2=" ">
    <subfield code="a">Recon MBB</subfield>
    <subfield code="b">eng</subfield>
    <subfield code="c">MBB</subfield>
    <subfield code="d">NYP</subfield>
    <subfield code="d">OCLCQ</subfield>
    <subfield code="d">OCLCF</subfield>
  </datafield>
  <datafield tag="035" ind1=" " ind2=" ">
    <subfield code="a">(OCoLC)25069726</subfield>
  </datafield>
  <datafield tag="041" ind1="0" ind2=" ">
    <subfield code="a">aramul</subfield>
  </datafield>
  <datafield tag="050" ind1=" " ind2="4">
    <subfield code="a">CT1918.F2</subfield>
    <subfield code="b">C5</subfield>
  </datafield>
  <datafield tag="049" ind1=" " ind2=" ">
    <subfield code="a">ZCUA</subfield>
  </datafield>
  <datafield tag="100" ind1="1" ind2=" ">
    <subfield code="a">Chuqqī, Murād Fuʼād.</subfield>
  </datafield>
  <datafield tag="245" ind1="1" ind2="0">
    <subfield code="a">Naʻūm Fāʼiq :</subfield>
    <subfield code="b">dhikrá wa-takhlīd /</subfield>
    <subfield code="c">bi-qalam Murād Fuʼād Chuqqī</subfield>
  </datafield>
  <datafield tag="260" ind1=" " ind2=" ">
    <subfield code="a">Damascus :</subfield>
    <subfield code="b">Matbaʻah al-Ḥadīth,</subfield>
    <subfield code="c">1936.</subfield>
  </datafield>
  <datafield tag="300" ind1=" " ind2=" ">
    <subfield code="a">383 p. :</subfield>
    <subfield code="b">port. ;</subfield>
    <subfield code="c">24 cm.</subfield>
  </datafield>
  <datafield tag="600" ind1="1" ind2="0">
    <subfield code="a">Faik, Naum,</subfield>
    <subfield code="d">1868-1930.</subfield>
  </datafield>
  <datafield tag="600" ind1="1" ind2="7">
    <subfield code="a">Faik, Naum,</subfield>
    <subfield code="d">1868-1930.</subfield>
    <subfield code="2">fast</subfield>
    <subfield code="0">(OCoLC)fst01800845</subfield>
  </datafield>
  <datafield tag="700" ind1="1" ind2=" ">
    <subfield code="a">Faik, Naum,</subfield>
    <subfield code="d">1868-1930.</subfield>
  </datafield>
  <datafield tag="880" ind1="1" ind2=" ">
    <subfield code="6">100-00/r</subfield>
    <subfield code="a">‏‏چقي، مراد فؤاد.</subfield>
  </datafield>
  <datafield tag="880" ind1="1" ind2="0">
    <subfield code="6">245-00/r</subfield>
    <subfield code="a">‏نعوم فائق :‏</subfield>
    <subfield code="b">‏ذكرى وتخليد ... /‏</subfield>
    <subfield code="c">‏بقلم مراد فؤاد چقي.</subfield>
  </datafield>
  <datafield tag="880" ind1=" " ind2=" ">
    <subfield code="6">260-00/r</subfield>
    <subfield code="a">‏‏دمشق :‏</subfield>
    <subfield code="b">‏المطبعة الحديثة،‏</subfield>
    <subfield code="c">‏1936.</subfield>
  </datafield>
  <datafield tag="880" ind1="1" ind2=" ">
    <subfield code="6">700-00/r</subfield>
    <subfield code="a">‏فائق، نعوم.</subfield>
  </datafield>
  <datafield tag="955" ind1=" " ind2=" ">
    <subfield code="b">0026812738</subfield>
    <subfield code="d">glx</subfield>
    <subfield code="e">956 F147</subfield>
  </datafield>
</record>
</collection>